
@article{Baldi:2014kfa,
      author         = {Baldi, Pierre and Sadowski, Peter and Whiteson, Daniel},
      title          = {Searching for Exotic Particles in High-Energy Physics with Deep Learning},
      journal        = {Nature Commun.},
      volume         = {5},
      year           = {2014},
      pages          = {4308},
      doi            = {10.1038/ncomms5308},
      eprint         = {1402.4735},
      archivePrefix  = {arXiv},
      primaryClass   = {hep-ph},
      SLACcitation   = {%%CITATION = ARXIV:1402.4735;%%}
}

@article{Baldi:2014pta,
      author         = {Baldi, Pierre and Sadowski, Peter and Whiteson, Daniel},
      title          = {Enhanced Higgs Boson to $\tau^+\tau^-$ Search with Deep
                        Learning},
      journal        = {Phys. Rev. Lett.},
      volume         = {114},
      year           = {2015},
      number         = {11},
      pages          = {111801},
      doi            = {10.1103/PhysRevLett.114.111801},
      eprint         = {1410.3469},
      archivePrefix  = {arXiv},
      primaryClass   = {hep-ph},
      SLACcitation   = {%%CITATION = ARXIV:1410.3469;%%}
}

@misc{Authors14b,
 author = {Authors},
 title = {Frobnication tutorial},
 note = {Supplied as additional material {\tt tr.pdf}},
 year = 2014
}

@article{Alpher02,
author = {A. Alpher},
title = {Frobnication},
journal = {Journal of Foo},
volume = 12, 
number = 1, 
pages = {234--778}, 
year = 2002
}

@article{Alpher03,
author = {A. Alpher and  J.~P.~N. Fotheringham-Smythe},
title = {Frobnication revisited},
journal = {Journal of Foo},
volume = 13, 
number = 1, 
pages = {234--778}, 
year = 2003
}

@article{Alpher04,
author = {A. Alpher and J.~P.~N. Fotheringham-Smythe and G. Gamow},
title = {Can a machine frobnicate?},
journal = {Journal of Foo},
volume = 14, 
number = 1, 
pages = {234--778}, 
year = 2004
}
